@MISC{COM6502-Splatters,
    author = {},
    title = {cc65 - a freeware C compiler for 6502 based systems},
    url = {https://www.cc65.org/},
}

@ARTICLE{SystemC-TLM, 
    author={}, 
    journal={IEEE Std 1666-2011 (Revision of IEEE Std 1666-2005)}, 
    title={IEEE Standard for Standard SystemC Language Reference Manual}, 
    year={2012}, 
    volume={}, 
    number={}, 
    pages={1-638}, 
    doi={10.1109/IEEESTD.2012.6134619}, 
    ISSN={}, 
    month={Jan}
}

@ARTICLE{RTL,
    author={Synopsys},
    title={Describing Synthesizable RTL in SystemC},
    version={Version 1.2}, 
    date={November 2002}
}